@article{moireau2011reduced,
  title={Reduced-order Unscented Kalman Filtering with application to parameter identification in large-dimensional systems},
  author={Moireau, Philippe and Chapelle, Dominique},
  journal={ESAIM: Control, Optimisation and Calculus of Variations},
  volume={17},
  number={02},
  pages={380--405},
  year={2011},
  publisher={Cambridge Univ Press}
}

@inproceedings{julier1997new,
  title={New extension of the Kalman filter to nonlinear systems},
  author={Julier, Simon J and Uhlmann, Jeffrey K},
  booktitle={AeroSense'97},
  pages={182--193},
  year={1997},
  organization={International Society for Optics and Photonics}
}

@article{wu2007application,
  title={Application of the unscented Kalman filter for real-time nonlinear structural system identification},
  author={Wu, Meiliang and Smyth, Andrew W},
  journal={Structural Control and Health Monitoring},
  volume={14},
  number={7},
  pages={971--990},
  year={2007},
  publisher={Wiley Online Library}
}

@misc{grewalkalman,
  title={Kalman filtering: theory and practice, 1993},
  author={Grewal, Mohinder S and Andrews, Angus P},
  publisher={Prentice Hall}
}
