@inproceedings{wan2000,
  title={The unscented Kalman filter for nonlinear estimation},
  author={Wan, Eric and Van Der Merwe, Ronell and others},
  booktitle={Adaptive Systems for Signal Processing, Communications, and Control Symposium 2000. AS-SPCC. The IEEE 2000},
  pages={153--158},
  year={2000},
  organization={IEEE}
}

@article{welch2006introduction,
  title={An introduction to the kalman filter. 2006},
  author={Welch, Greg and Bishop, Gary},
  journal={University of North Carolina: Chapel Hill, North Carolina, US},
  year={2006}
}

@article{moireau2011reduced,
  title={Reduced-order Unscented Kalman Filtering with application to parameter identification in large-dimensional systems},
  author={Moireau, Philippe and Chapelle, Dominique},
  journal={ESAIM: Control, Optimisation and Calculus of Variations},
  volume={17},
  number={02},
  pages={380--405},
  year={2011},
  publisher={Cambridge Univ Press}
}
@incollection{faure2012sofa,
  title={Sofa: A multi-model framework for interactive physical simulation},
  author={Faure, Fran{\c{c}}ois and others},
  booktitle={Soft Tissue Biomechanical Modeling for Computer Assisted Surgery},
  pages={283--321},
  year={2012},
  publisher={Springer}
}
@book{grewal2014kalman,
  title={Kalman filtering: Theory and Practice with MATLAB},
  author={Grewal, Mohinder S and Andrews, Angus P},
  year={2014},
  publisher={John Wiley \& Sons}
}
@inproceedings{julier1997new,
  title={New extension of the Kalman filter to nonlinear systems},
  author={Julier, Simon J and Uhlmann, Jeffrey K},
  booktitle={AeroSense'97},
  pages={182--193},
  year={1997},
  organization={International Society for Optics and Photonics}
}
@article{julier2004unscented,
  title={Unscented filtering and nonlinear estimation},
  author={Julier, Simon J and Uhlmann, Jeffrey K},
  journal={Proceedings of the IEEE},
  volume={92},
  number={3},
  pages={401--422},
  year={2004},
  publisher={IEEE}
}
@article{kalman1960new,
  title={A new approach to linear filtering and prediction problems},
  author={Kalman, Rudolph Emil},
  journal={Journal of Fluids Engineering},
  volume={82},
  number={1},
  pages={35--45},
  year={1960},
  publisher={American Society of Mechanical Engineers}
}

@article{chabiniok2012,
  TITLE = {{Estimation of tissue contractility from cardiac cine-MRI using a biomechanical heart model}},
  AUTHOR = {Chabiniok, Radomir and others},
  JOURNAL = {{Biomechanics and Modeling in Mechanobiology}},
  PUBLISHER = {{Springer Verlag (Germany)}},
  VOLUME = {11},
  NUMBER = {5},
  PAGES = {609-630},
  YEAR = {2012},
  DOI = {10.1007/s10237-011-0337-8},
  KEYWORDS = {Patient-specific cardiac modeling ; State and parameter estimation ; Data assimilation ; Filtering ; Clinical data},
  PDF = {https://hal.inria.fr/hal-00654541/file/cardiacPigEstim.pdf},
  HAL_ID = {hal-00654541},
  HAL_VERSION = {v1},
}

@ARTICLE{Nesme2005,
  author = {Matthieu Nesme and others},
  title = { Physically realistic interactive simulation for biological soft
        tissues},
  journal = {Recent Research Developments in Biomechanics},
  year = {2005},
  volume = {2},
  pages = {1--22},
  hal_id = {hal-00080378},
  keywords = {{FEM}-based modeling, physical model, elasticity, finite elements,
        dynamics},
  nourl = {http://hal.archives-ouvertes.fr/hal-00080378/en/}
}

@ARTICLE{Felippa2005,
  author = {C.A. Felippa and B. Haugen},
  title = {A unified formulation of small-strain corotational finite elements:
        I. Theory },
  journal = {Computer Methods in Applied Mechanics and Engineering},
  year = {2005},
  volume = {194},
  pages = {2285 - 2335},
  number = {21-24},
  issn = {0045-7825},
  nodoi = {10.1016/j.cma.2004.07.035},
  nokeywords = {Geometrically nonlinear structural analysis},
  nourl = {http://www.sciencedirect.com/science/article/pii/S0045782504005353}
}

@article{yeh2002elastic,
  title={Elastic modulus measurements of human liver and correlation with pathology},
  author={Yeh, Wen-Chun and others},
  journal={Ultrasound in medicine \& biology},
  volume={28},
  number={4},
  pages={467--474},
  year={2002},
  publisher={Elsevier}
}

@article{haouchine2015impact,
  title={Impact of Soft Tissue Heterogeneity on Augmented Reality for Liver Surgery},
  author={Haouchine, Nazim and others},
  journal={Visualization and Computer Graphics, IEEE Transactions on},
  volume={21},
  number={5},
  pages={584--597},
  year={2015},
  publisher={IEEE}
}